@UNPUBLISHED{higgsChallengeRef,
   author = "Adam-Bourdarios C. and Cowan G. and Germain C. and Guyon I. and KÃ©gl B. et al",
   title = "{A Learning to discover: the Higgs boson machine learning challenge - Documentation}",
   note = "CERN Open Data Portal",
   DOi = "10.7483/OPENDATA.ATLAS.MQ5J.GHXA",
   year = 2014}
   
   
@article{TMVAUserGuide,
Author = {A. Hoecker and P. Speckmayer and J. Stelzer and J. Therhaag and E. von Toerne and H. Voss and M. Backes and T. Carli and O. Cohen and A. Christov and D. Dannheim and K. Danielowski and S. Henrot-Versille and M. Jachowski and K. Kraszewski and A. Krasznahorkay Jr. and M. Kruk and Y. Mahalalel and R. Ospanov and X. Prudent and A. Robert and D. Schouten and F. Tegenfeldt and A. Voigt and K. Voss and M. Wolter and A. Zemla},
Title = {TMVA - Toolkit for Multivariate Data Analysis},
Year = {2007},
Eprint = {arXiv:physics/0703039},
Howpublished = {PoS ACAT:040,2007},
}